@book{dspguide,
  title="The Scientist and Engineer's Guide to Digital Signal Processing",
  author="Steven W. Smith",
  publisher="California Technical Publishing",
  year="1997",
  isbn="978-0966017632",
}

@book{calandrino,
  title="Schemi delle lezioni di comunicazioni elettriche",
  author="Leonardo Calandrino and Gianni Immovilli",
  publisher="Pitagora Editrice Bologna",
  year="1991",
}

@online{libsndfile,
  author="Erik de Castro Lopo",
  title="libsndfile",
  url="http://www.mega-nerd.com/libsndfile/",
  urldate="2020-03-12",
}

@online{cuda_programming_guide,
  author="Nvidia",
  title="CUDA C++ Programming Guide",
  url="https://docs.nvidia.com/cuda/cuda-c-programming-guide/index.html",
  urldate="2020-03-12",
}

@online{repo,
  author="Gabriele Masini",
  title="Sorgenti tesi",
  url="https://github.com/gmasini97/thesis-src",
  urldate="2020-03-12",
}

@article{cooleytukey,
  author="James W. Cooley and John W. Tukey",
  title="An algorithm for the machine calculation of complex Fourier series",
  year="1965",
  journal="Mathematics of Computation",
}