@techreport{
    ieeestd830,
    author="IEEE",
    title="IEEE Recommended Practice for Software Requirements Specifications",
    institution="Software Engineering Standards Committee of the IEEE Computer Society",
    year="1998",
}

@techreport{
    json,
    author="ISO/IEC",
    title="Information technology â€” The JSON data interchange syntax",
    institution="International Organization for Standardization, International Electrotechnical Commission",
    year="2017",
}

@book{
    designpatterns,
    author="Erich Gamma and Richard Helm and Ralph Johnson and John Vlissides",
    title="Design Patterns, Elements of Reusable Object-Oriented Software",
    year="1994",
}

@online{
    html5,
    title="HTML5.2 w3c recomendations",
    author="World~Wide~Web~Consortium",
    year="2017",
    url={https://www.w3.org/TR/2017/REC-html52-20171214/},
    urldate={2020-02-09},
}