@BOOK{Spring:2017,
  AUTHOR="John Doe",
  TITLE="The Book without Title",
  PUBLISHER="Dummy Publisher",
  YEAR="2100",
}

@manual{Senn:2009,
  title  = "Using {\LaTeX} for Your Thesis",
  author = "Mark Senn",
  url    = "http://engineering.purdue.edu/~mark/puthesis",
  year   = "2009 (accessed February 3, 2014)"
}